<record><leader>00000cas a2200000 a 4500</leader><controlfield tag="001">23861352</controlfield><controlfield tag="008">910530d19821993oruwn n       0    0eng c</controlfield><datafield ind1=" " ind2=" " tag="010"><subfield code="a">  2002260755</subfield></datafield><datafield ind1=" " ind2=" " tag="040"><subfield code="a">OEL</subfield><subfield code="b">eng</subfield><subfield code="c">OEL</subfield><subfield code="d">OCL</subfield><subfield code="d">ORU</subfield><subfield code="d">OCLCQ</subfield><subfield code="d">OCLCF</subfield><subfield code="d">OCLCO</subfield></datafield><datafield ind1="1" ind2=" " tag="029"><subfield code="a">AU@</subfield><subfield code="b">000024291702</subfield></datafield><datafield ind1="1" ind2=" " tag="029"><subfield code="a">CHVBK</subfield><subfield code="b">114414807</subfield></datafield><datafield ind1="1" ind2=" " tag="029"><subfield code="a">CHDSB</subfield><subfield code="b">005668764</subfield></datafield><datafield ind1=" " ind2=" " tag="042"><subfield code="a">pcc</subfield></datafield><datafield ind1=" " ind2=" " tag="043"><subfield code="a">n-us-or</subfield></datafield><datafield ind1="0" ind2=" " tag="130"><subfield code="a">What's happening (Eugene, Or.)</subfield></datafield><datafield ind1="1" ind2="0" tag="245"><subfield code="a">What's happening.</subfield></datafield><datafield ind1=" " ind2=" " tag="260"><subfield code="a">Eugene, OR :</subfield><subfield code="b">Energy Futures Inc.,</subfield><subfield code="c">1982-</subfield></datafield><datafield ind1=" " ind2=" " tag="300"><subfield code="a">v. :</subfield><subfield code="b">ill.</subfield></datafield><datafield ind1=" " ind2=" " tag="310"><subfield code="a">Weekly, except weeks of Thanksgiving and Christmas/New Year's Day</subfield></datafield><datafield ind1="0" ind2=" " tag="362"><subfield code="a">Vol. 1, no. 1 (Sept. 16, 1982)-</subfield></datafield><datafield ind1="1" ind2=" " tag="362"><subfield code="a">Ceased with v. 12, no. 35 (Sept. 9, 1993).</subfield></datafield><datafield ind1=" " ind2=" " tag="500"><subfield code="a">Publisher varies.</subfield></datafield><datafield ind1=" " ind2=" " tag="530"><subfield code="a">Also issued on microfilm from the University of Oregon.</subfield></datafield><datafield ind1=" " ind2=" " tag="588"><subfield code="a">Latest issue consulted: Vol. 2, no. 40 (Dec. 22, 1983/Jan. 4, 1984).</subfield></datafield><datafield ind1=" " ind2="0" tag="651"><subfield code="a">Eugene (Or.)</subfield><subfield code="v">Newspapers.</subfield></datafield><datafield ind1=" " ind2="0" tag="650"><subfield code="a">Arts</subfield><subfield code="z">Oregon</subfield><subfield code="v">Newspapers.</subfield></datafield><datafield ind1=" " ind2="0" tag="650"><subfield code="a">Entertainment events</subfield><subfield code="z">Oregon</subfield><subfield code="v">Newspapers.</subfield></datafield><datafield ind1=" " ind2="7" tag="655"><subfield code="a">Newspapers.</subfield><subfield code="2">fast</subfield><subfield code="0">(OCoLC)fst01423814</subfield></datafield><datafield ind1=" " ind2="7" tag="650"><subfield code="a">Arts.</subfield><subfield code="2">fast</subfield><subfield code="0">(OCoLC)fst00817721</subfield></datafield><datafield ind1=" " ind2="7" tag="650"><subfield code="a">Entertainment events.</subfield><subfield code="2">fast</subfield><subfield code="0">(OCoLC)fst00912691</subfield></datafield><datafield ind1=" " ind2="7" tag="651"><subfield code="a">Oregon.</subfield><subfield code="2">fast</subfield><subfield code="0">(OCoLC)fst01204579</subfield></datafield><datafield ind1=" " ind2="7" tag="651"><subfield code="a">Oregon</subfield><subfield code="z">Eugene.</subfield><subfield code="2">fast</subfield><subfield code="0">(OCoLC)fst01205922</subfield></datafield><datafield ind1=" " ind2=" " tag="752"><subfield code="a">United States</subfield><subfield code="b">Oregon</subfield><subfield code="c">Lane</subfield><subfield code="d">Eugene.</subfield></datafield><datafield ind1="0" ind2="0" tag="785"><subfield code="t">Eugene weekly</subfield><subfield code="w">(DLC)sn 97071043</subfield><subfield code="w">(OCoLC)33226082</subfield></datafield></record>